@Article{tidyverse,
    title = {Welcome to the {tidyverse}},
    author = {Hadley Wickham and Mara Averick and Jennifer Bryan and Winston Chang and Lucy D'Agostino McGowan and Romain Fran\c{c}ois and Garrett Grolemund and Alex Hayes and Lionel Henry and Jim Hester and Max Kuhn and Thomas Lin Pedersen and Evan Miller and Stephan Milton Bache and Kirill M{\"u}ller and Jeroen Ooms and David Robinson and Dana Paige Seidel and Vitalie Spinu and Kohske Takahashi and Davis Vaughan and Claus Wilke and Kara Woo and Hiroaki Yutani},
    year = {2019},
    journal = {Journal of Open Source Software},
    volume = {4},
    number = {43},
    pages = {1686},
    doi = {10.21105/joss.01686},
  }

  @Manual{xtable,
    title = {xtable: Export Tables to LaTeX or HTML},
    author = {David B. Dahl and David Scott and Charles Roosen and Arni Magnusson and Jonathan Swinton},
    year = {2019},
    note = {R package version 1.8-4},
    url = {https://CRAN.R-project.org/package=xtable},
  }

  @Manual{patchwork,
    title = {patchwork: The Composer of Plots},
    author = {Thomas Lin Pedersen},
    year = {2024},
    note = {R package version 1.3.0},
    url = {https://CRAN.R-project.org/package=patchwork},
  }

  @Manual{cumstats,
    title = {cumstats: Cumulative Descriptive Statistics},
    author = {Arturo Erdely and Ian Castillo},
    year = {2017},
    note = {R package version 1.0},
    url = {https://CRAN.R-project.org/package=cumstats},
  }

  @Manual{nleqslv,
    title = {nleqslv: Solve Systems of Nonlinear Equations},
    author = {Berend Hasselman},
    year = {2023},
    note = {R package version 3.3.5},
    url = {https://CRAN.R-project.org/package=nleqslv},
  }

  @Manual{e1071,
    title = {e1071: Misc Functions of the Department of Statistics, Probability
Theory Group (Formerly: E1071), TU Wien},
    author = {David Meyer and Evgenia Dimitriadou and Kurt Hornik and Andreas Weingessel and Friedrich Leisch},
    year = {2024},
    note = {R package version 1.7-16},
    url = {https://CRAN.R-project.org/package=e1071},
  }

